@article{berry99,
author = {Berry, Michael and Drmac, Zlatko and Jessup, Elizabeth},
title = {{Matrices, Vector Spaces, and Information Retrieval}},
journal = {SIAM Review},
volume = {41},
number = {2},
pages = {335--351},
year = {1999},
month = apr
}

@article{berry95,
author = {Berry, Michael and Dumais, Susan and O'Brien, Gavin},
title = {{Using Linear Algebra for Intelligent Information Retrieval}},
journal = {SIAM Review},
volume = {37},
number = {4},
pages = {573--595},
year = {1995},
month = dec
}

@article{deerwester90,
author = {Deerwester, Scott and Dumais, Susan and Furnas, George and Harshman, Richard and Landauer, Thomas},
title = {{Indexing by Latent Semantic Analysis}},
journal = {J. American Society for Information Science},
volume = {41},
number = {6},
pages = {391--407},
year = {1990},
month = apr
}

@book{frakes92,
author = {Frakes, William and Baeza-Yates, Ricardo},
title = {{Information Retrievalk: Data Structures and Algorithms}},
year = {1992},
publisher = {Prentice Hall}
}

@book{kowalski97,
author = {Kowalski, Gerald},
title = {{Information Retrieval Systems: Theroy and Implementation}},
year = {1997},
publisher = {Kluwer Academic Publishers}
}

@book{stanIRBook,
author = {Manning, Christopher and Raghavan, Prabhakar and Schutze, Hinrich},
title = {{Introduction to Information Retrieval}},
year = {2008},
publisher = {Cambridge University Press}
}


@misc{kaggledata,
author = {University of Glasgow Information Retrieval Group},
title = {{CISI}},
year = {2020},
howpublished = {\url{https://www.kaggle.com/datasets/dmaso01dsta/cisi-a-dataset-for-information-retrieval?select=CISI.ALL}},
note = {Accessed: 2022-06-25}
}

@misc{svdImage,
author = {University of Colorado-Boulder Applied Mathematics Department},
title = {{Analyzing the Mariana Trench}},
year = {2022}
}

@article{eckartYoung,
author = {C. Eckart and G. Young},
title = {{The approximation of one matrix by another of lower rank}},
journal = {Psychometrika},
volume = {1},
number = {3},
pages = {211-218},
year = {1936},
}